@misc{RN102,
   type = {Generic}
}

@misc{RN124,
   type = {Generic}
}

@misc{RN101,
   type = {Generic}
}

@misc{RN118,
   type = {Generic}
}

@misc{RN123,
   type = {Generic}
}

@article{RN79,
   title = {Finishing the euchromatic sequence of the human genome},
   journal = {Nature},
   volume = {431},
   DOI = {10.1038/nature03001 %U http://dx.doi.org/10.1038/nature03001},
   year = {2004},
   type = {Journal Article}
}

@article{RN83,
   title = {A map of human genome variation from population-scale sequencing},
   journal = {Nature},
   volume = {467},
   DOI = {10.1038/nature09534 %U http://dx.doi.org/10.1038/nature09534},
   year = {2010},
   type = {Journal Article}
}

@inbook{RN53,
   author = {Babu, M.},
   title = {An introduction to Microarray Data Analysis},
   booktitle = {Computational Genomics: Theory and Applications},
   editor = {Grant, R.},
   publisher = {Horizont Press},
   chapter = {11},
   year = {2004},
   type = {Book Section}
}

@article{RN70,
   author = {Babu, M. M. and Luscombe, N. M. and Aravind, L. and Gerstein, M. and Teichmann, S. A.},
   title = {{S}tructure and evolution of transcriptional regulatory networks},
   journal = {Curr. Opin. Struct. Biol.},
   volume = {14},
   number = {3},
   pages = {283-291},
   year = {2004},
   type = {Journal Article}
}

@article{RN133,
   author = {Barrett, Tanya and Wilhite Stephen E. and Ledoux Pierre and Evangelista Carlos and Kim Irene F. and Tomashevsky Maxim and Marshall Kimberly A. and Phillippy Katherine H. and Sherman Patti M. and Holko Michelle and Yefanov Andrey and Lee Hyeseung and Zhang Naigong and Robertson Cynthia L. and Serova Nadezhda and Davis Sean and Soboleva Alexandra},
   title = {NCBI GEO: archive for functional genomics data sets—update},
   journal = {Nucleic Acids Research},
   volume = {41},
   number = {D1},
   pages = {D991-D995},
   DOI = {10.1093/nar/gks1193},
   year = {2013},
   type = {Journal Article}
}

@misc{RN125,
   volume = {12},
   number = {1 %@ 2145-8456|escape}},
   year = {2013},
   type = {Generic}
}

@article{RN127,
   author = {Beyer, Andreas and Bandyopadhyay, Sourav and Ideker, Trey},
   title = {Integrating physical and genetic maps: from genomes to interaction networks},
   journal = {Nature reviews. Genetics},
   volume = {8},
   number = {9},
   pages = {699-710},
   ISSN = {1471-0056
1471-0064},
   DOI = {10.1038/nrg2144},
   url = {http://www.ncbi.nlm.nih.gov/pmc/articles/PMC2811081/},
   year = {2007},
   type = {Journal Article}
}

@article{RN46,
   author = {Blair, R. H. and Kliebenstein, D. J. and Churchill, G. A.},
   title = {{W}hat can causal networks tell us about metabolic pathways?},
   journal = {PLoS Comput. Biol.},
   volume = {8},
   number = {4},
   pages = {e1002458-e1002458},
   year = {2012},
   type = {Journal Article}
}

@article{RN47,
   author = {Blair, R. H. and Trichler, D. L. and Gaille, D. P.},
   title = {{M}athematical and statistical modeling in cancer systems biology},
   journal = {Front Physiol},
   volume = {3},
   pages = {227-227},
   year = {2012},
   type = {Journal Article}
}

@article{RN103,
   author = {Bolzer, A. and Kreth, G. and Solovei, I. and Koehler, D. and Saracoglu, K. and Fauth, C. and Müller, S. and Eils, R. and Cremer, C. and Speicher, M. R. and Cremer, T.},
   title = {Three dimensional maps of all chromosomes in human male fibroblast nuclei and prometaphase rosettes},
   journal = {PLoS Biology},
   volume = {3},
   DOI = {10.1371/journal.pbio.0030157 %U http://dx.doi.org/10.1371/journal.pbio.0030157},
   year = {2005},
   type = {Journal Article}
}

@phdthesis{RN28,
   author = {Bouckaert, Remco Ronaldus},
   title = {Bayesian belief networks: from construction to inference
Bayesiaanse belief netwerken: van constructie tot inferentie},
   university = {Universiteit Utrecht, Faculteit Wiskunde en Informatica},
   year = {1995},
   type = {Thesis}
}

@book{RN48,
   author = {Box, G. E. P. and Draper, N. R.},
   title = {Empirical model-building and response surfaces},
   publisher = {Wiley},
   series = {Wiley series in probability and mathematical statistics: Applied probability and statistics},
   ISBN = {9780471810339},
   url = {https://books.google.com.co/books?id=QO2dDRufJEAC},
   year = {1987},
   type = {Book}
}

@article{RN117,
   author = {Burgos, J. D. and Moreno-Tovar, P.},
   title = {Zipf-scaling behavior in the immune system},
   journal = {Biosystems},
   volume = {39},
   DOI = {10.1016/0303-2647(96)01618-8 %U http://dx.doi.org/10.1016/0303-2647(96)01618-8},
   year = {1996},
   type = {Journal Article}
}

@article{RN140,
   author = {Byron Ellis and Wing Hung, Wong},
   title = {Learning Causal Bayesian Network Structures From Experimental Data},
   journal = {Journal of the American Statistical Association},
   volume = {103},
   number = {482},
   pages = {778-789},
   DOI = {10.1198/016214508000000193},
   year = {2008},
   type = {Journal Article}
}

@article{RN90,
   author = {Carpena, P. and Bernaola-Galván, P. and Coronado, A. V. and Hackenberg, M. and Oliver, J. L.},
   title = {Identifying characteristic scales in the human genome},
   journal = {Phys Rev E},
   volume = {75},
   DOI = {10.1103/PhysRevE.75.032903 %U http://dx.doi.org/10.1103/PhysRevE.75.032903},
   year = {2007},
   type = {Journal Article}
}

@article{RN19,
   author = {Cheng, Y. and Church, G. M.},
   title = {Biclustering of expression data},
   journal = {Proc Int Conf Intell Syst Mol Biol},
   volume = {8},
   pages = {93-103},
   ISSN = {1553-0833},
   url = {http://www.ncbi.nlm.nih.gov/pubmed/10977070},
   year = {2000},
   type = {Journal Article}
}

@inbook{RN30,
   author = {Chickering, DavidMaxwell},
   title = {Learning Bayesian Networks is NP-Complete},
   booktitle = {Learning from Data},
   editor = {Fisher, Doug and Lenz, Hans- J.},
   series = {Lecture Notes in Statistics},
   publisher = {Springer New York},
   volume = {112},
   chapter = {12},
   pages = {121-130},
   ISBN = {978-0-387-94736-5},
   DOI = {10.1007/978-1-4612-2404-4_12},
   url = {http://dx.doi.org/10.1007/978-1-4612-2404-4_12},
   year = {1996},
   type = {Book Section}
}

@misc{RN61,
   url = {http://amigo.geneontology.org/amigo/gene_product/UniProtKB:P68032},
   year = {2009},
   type = {Personal Communication}
}

@misc{RN59,
   url = {http://www.geneontology.org/ontology/obo_format_1_2/gene_ontology.1_2.obo},
   year = {2009},
   type = {Personal Communication}
}

@article{RN62,
   author = {Consortium, The GO},
   title = {"Gene Ontology downloads at SourceForge"},
   url = {http://sourceforge.net/projects/geneontology/files/},
   year = {2014},
   type = {Journal Article}
}

@misc{RN63,
   url = {http://geneontology.org/page/download-ontology},
   year = {2015},
   type = {Personal Communication}
}

@article{RN24,
   author = {Cooper, GregoryF and Herskovits, Edward},
   title = {A Bayesian method for the induction of probabilistic networks from data},
   journal = {Machine Learning},
   volume = {9},
   number = {4},
   pages = {309-347},
   ISSN = {0885-6125},
   DOI = {10.1007/BF00994110},
   url = {http://dx.doi.org/10.1007/BF00994110},
   year = {1992},
   type = {Journal Article}
}

@misc{RN44,
   pages = {9-26},
   year = {1998},
   type = {Conference Paper}
}

@inproceedings{RN42,
   author = {Cowell, Robert},
   title = {Introduction to Inference for Bayesian Networks},
   publisher = {Kluwer Academic Publishers},
   pages = {9-26},
   url = {http://dl.acm.org/citation.cfm?id=299068.299070},
   type = {Conference Proceedings}
}

@book{RN74,
   author = {Darwiche, Professor Adnan},
   title = {Modeling and Reasoning with Bayesian Networks},
   publisher = {Cambridge University Press},
   pages = {560},
   ISBN = {0521884381, 9780521884389},
   year = {2009},
   type = {Book}
}

@article{RN16,
   author = {Davidson, Rebecca M. and Hansey, Candice N. and Gowda, Malali and Childs, Kevin L. and Lin, Haining and Vaillancourt, Brieanne and Sekhon, Rajandeep S. and de Leon, Natalia and Kaeppler, Shawn M. and Jiang, Ning and Buell, C. Robin},
   title = {Utility of RNA Sequencing for Analysis of Maize Reproductive Transcriptomes},
   journal = {The Plant Genome},
   volume = {4},
   number = {3},
   DOI = {10.3835/plantgenome2011.05.0015},
   url = {http://dx.doi.org/10.3835/plantgenome2011.05.0015},
   year = {2011},
   type = {Journal Article}
}

@article{RN23,
   author = {de Campos, Luis M. and Huete, Juan F.},
   title = {A new approach for learning belief networks using independence criteria},
   journal = {International Journal of Approximate Reasoning},
   volume = {24},
   number = {1},
   pages = {11-37},
   ISSN = {0888-613X},
   DOI = {http://dx.doi.org/10.1016/S0888-613X(99)00042-0},
   url = {http://www.sciencedirect.com/science/article/pii/S0888613X99000420},
   year = {2000},
   type = {Journal Article}
}

@article{RN82,
   author = {DeCerbo, J. and Carmichael, G. G.},
   title = {SINEs point to abundant editing in the human genome},
   journal = {Genome Biology},
   volume = {6},
   DOI = {10.1186/gb-2005-6-4-216 %U http://dx.doi.org/10.1186/gb-2005-6-4-216},
   year = {2005},
   type = {Journal Article}
}

@inbook{RN122,
   author = {Dewey, T. G. and Strait, B. J.},
   title = {Multifractals, encoded walks and the ergodicity of protein sequences},
   booktitle = {Pac Symp Biocomput},
   year = {1996},
   type = {Book Section}
}

@book{RN8,
   author = {Dey, D.K. and Ghosh, S. and Mallick, B.K.},
   title = {Bayesian Modeling in Bioinformatics},
   publisher = {CRC Press},
   ISBN = {9781420070187},
   url = {https://books.google.com.co/books?id=AOOvLpr6mn4C},
   year = {2010},
   type = {Book}
}

@article{RN13,
   author = {Dong, J. and Horvath, S.},
   title = {Understanding network concepts in modules},
   journal = {BMC Syst Biol},
   volume = {1},
   pages = {24},
   ISSN = {1752-0509},
   DOI = {10.1186/1752-0509-1-24},
   url = {http://www.ncbi.nlm.nih.gov/pubmed/17547772},
   year = {2007},
   type = {Journal Article}
}

@article{RN138,
   author = {Faith, J. J. and Driscoll, M. E. and Fusaro, V. A. and Cosgrove, E. J. and Hayete, B. and Juhn, F. S. and Schneider, S. J. and Gardner, T. S.},
   title = {Many Microbe Microarrays Database: uniformly normalized Affymetrix compendia with structured experimental metadata},
   journal = {Nucleic Acids Res},
   volume = {36},
   number = {Database issue},
   pages = {D866-70},
   ISSN = {0305-1048},
   DOI = {10.1093/nar/gkm815},
   year = {2008},
   type = {Journal Article}
}

@inbook{RN9,
   author = {Faming, Liang},
   title = {Learning Bayesian Networks for Gene Expression Data},
   booktitle = {Bayesian Modeling in Bioinformatics},
   series = {Chapman & Hall/CRC Biostatistics Series},
   publisher = {Chapman and Hall/CRC},
   pages = {271-291},
   ISBN = {978-1-4200-7017-0},
   DOI = {doi:10.1201/EBK1420070170-12
10.1201/EBK1420070170-12},
   url = {http://dx.doi.org/10.1201/EBK1420070170-12},
   year = {2010},
   type = {Book Section}
}

@article{RN35,
   author = {Friedman, Nir and Koller, Daphne},
   title = {Being Bayesian About Network Structure. A Bayesian Approach to Structure Discovery in Bayesian Networks},
   journal = {Machine Learning},
   volume = {50},
   number = {1-2},
   pages = {95-125},
   ISSN = {0885-6125},
   DOI = {10.1023/A:1020249912095},
   url = {http://dx.doi.org/10.1023/A:1020249912095},
   year = {2003},
   type = {Journal Article}
}

@article{RN69,
   author = {Gardner, T. S. and di Bernardo, D. and Lorenz, D. and Collins, J. J.},
   title = {{I}nferring genetic networks and identifying compound mode of action via expression profiling},
   journal = {Science},
   volume = {301},
   number = {5629},
   pages = {102-105},
   year = {2003},
   type = {Journal Article}
}

@article{RN6,
   author = {Ghosh, Jayanta K.},
   title = {Bayesian Modelling in Bioinformatics edited by Dipak K. Dey, Samiran Ghosh and Bani K. Mallick},
   journal = {International Statistical Review},
   volume = {80},
   number = {2},
   pages = {332-333},
   ISSN = {03067734},
   DOI = {10.1111/j.1751-5823.2012.00187_12.x},
   url = {http://search.ebscohost.com/login.aspx?direct=true&db=a9h&AN=78190190〈=es&site=ehost-live},
   year = {2012},
   type = {Journal Article}
}

@article{RN33,
   author = {Giudici, P and Green, PJ},
   title = {Decomposable graphical Gaussian model determination},
   journal = {Biometrika},
   volume = {86},
   number = {4},
   pages = {785-801},
   DOI = {10.1093/biomet/86.4.785},
   url = {http://biomet.oxfordjournals.org/content/86/4/785.abstract},
   year = {1999},
   type = {Journal Article}
}

@article{RN116,
   author = {Goldberger, A. L.},
   title = {Non-linear dynamics for clinicians: chaos theory, fractals, and complexity at the bedside},
   journal = {Lancet},
   volume = {347},
   DOI = {10.1016/S0140-6736(96)90948-4 %U http://dx.doi.org/10.1016/S0140-6736(96)90948-4},
   year = {1996},
   type = {Journal Article}
}

@book{RN52,
   author = {Grant, R. P.},
   title = {Computational Genomics: Theory and Application},
   publisher = {Horizon Bioscience},
   ISBN = {9781904933014},
   url = {https://books.google.com.co/books?id=KDQpnwEACAAJ},
   year = {2004},
   type = {Book}
}

@article{RN106,
   author = {Grover, D. and Mukerjil, M. and Bhatnagar, P. and Kannan, K. and Brahmachari, S. K.},
   title = {Alu repeat analysis in the complete human genome: trends and variations with respect to genomic composition},
   journal = {Bioinformatics},
   volume = {20},
   DOI = {10.1093/bioinformatics/bth005 %U http://dx.doi.org/10.1093/bioinformatics/bth005},
   year = {2004},
   type = {Journal Article}
}

@article{RN121,
   author = {Halsey, T. C. and Jensen, M. H. and Kadanoff, L. P. and Procaccia, I. and Shraiman, B. I.},
   title = {Fractal measures and their singularities: The characterization of strange sets},
   journal = {Phys Rev A},
   volume = {33},
   DOI = {10.1103/PhysRevA.33.1141 %U http://dx.doi.org/10.1103/PhysRevA.33.1141},
   year = {1986},
   type = {Journal Article}
}

@article{RN34,
   author = {Hastings, W. K.},
   title = {Monte Carlo Sampling Methods Using Markov Chains and Their Applications},
   journal = {Biometrika},
   volume = {57},
   number = {1},
   pages = {97-109},
   ISSN = {00063444},
   DOI = {10.2307/2334940},
   url = {http://www.jstor.org/stable/2334940},
   year = {1970},
   type = {Journal Article}
}

@inproceedings{RN27,
   author = {Heckerman, David and Chickering, David M.},
   title = {Learning Bayesian networks: The combination of knowledge and statistical data},
   pages = {20-197},
   type = {Conference Proceedings}
}

@article{RN25,
   author = {Herskovits, Edward and Cooper, Gregory F.},
   title = {Kutato: An Entropy-Driven System for Construction of Probabilistic Expert Systems from Databases},
   journal = {CoRR},
   volume = {abs/1304.1088},
   url = {http://arxiv.org/abs/1304.1088},
   year = {2013},
   type = {Journal Article}
}

@article{RN17,
   author = {Hollender, C. A. and Kang, C. and Darwish, O. and Geretz, A. and Matthews, B. F. and Slovin, J. and Alkharouf, N. and Liu, Z.},
   title = {Floral Transcriptomes in Woodland Strawberry Uncover Developing Receptacle and Anther Gene Networks},
   journal = {Plant Physiol},
   volume = {165},
   number = {3},
   pages = {1062-1075},
   ISSN = {1532-2548},
   DOI = {10.1104/pp.114.237529},
   url = {http://www.ncbi.nlm.nih.gov/pubmed/24828307},
   year = {2014},
   type = {Journal Article}
}

@article{RN14,
   author = {Horvath, S. and Dong, J.},
   title = {Geometric interpretation of gene coexpression network analysis},
   journal = {PLoS Comput Biol},
   volume = {4},
   number = {8},
   pages = {e1000117},
   ISSN = {1553-7358},
   DOI = {10.1371/journal.pcbi.1000117},
   url = {http://www.ncbi.nlm.nih.gov/pubmed/18704157},
   year = {2008},
   type = {Journal Article}
}

@article{RN115,
   author = {Huda, A. and Mariño-Ramírez, L. and Jordan, I. K.},
   title = {Epigenetic histone modifications of human transposable elements: genome defense versus exaptation},
   journal = {Mobile DNA},
   volume = {1},
   DOI = {10.1186/1759-8753-1-2 %U http://dx.doi.org/10.1186/1759-8753-1-2},
   year = {2010},
   type = {Journal Article}
}

@article{RN114,
   author = {Häsler, J. and Strub, K.},
   title = {Alu elements as regulators of gene expression},
   journal = {Nucl Acids Res},
   volume = {34},
   DOI = {10.1093/nar/gkl706 %U http://dx.doi.org/10.1093/nar/gkl706},
   year = {2006},
   type = {Journal Article}
}

@article{RN128,
   author = {Ibarra-Arellano, Miguel A. and Campos-González Adrián I. and Treviño-Quintanilla Luis G. and Tauch Andreas and Freyre-González Julio A.},
   title = {Abasy Atlas: a comprehensive inventory of systems, global network properties and systems-level elements across bacteria},
   journal = {Database},
   volume = {2016},
   pages = {baw089},
   DOI = {10.1093/database/baw089},
   year = {2016},
   type = {Journal Article}
}

@article{RN93,
   author = {Ivanov, P. C. h and Nunes, L. A. and Golberger, A. L. and Havlin, S. and Rosenblum, M. G. and Struzikk, Z. R. and Stanley, H. E.},
   title = {Multifractality in human heartbeat dynamics},
   journal = {Nature},
   volume = {399},
   DOI = {10.1038/20924 %U http://dx.doi.org/10.1038/20924},
   year = {1999},
   type = {Journal Article}
}

@article{RN119,
   author = {Jeffrey, H. J.},
   title = {Chaos game representation of gene structure},
   journal = {Nucl Acids Res},
   volume = {18},
   DOI = {10.1093/nar/18.8.2163 %U http://dx.doi.org/10.1093/nar/18.8.2163},
   year = {1990},
   type = {Journal Article}
}

@article{RN135,
   author = {Kolesnikov, Nikolay and Hastings Emma and Keays Maria and Melnichuk Olga and Tang Y. Amy and Williams Eleanor and Dylag Miroslaw and Kurbatova Natalja and Brandizi Marco and Burdett Tony and Megy Karyn and Pilicheva Ekaterina and Rustici Gabriella and Tikhonov Andrew and Parkinson Helen and Petryszak Robert and Sarkans Ugis and Brazma Alvis},
   title = {ArrayExpress update—simplifying data submissions},
   journal = {Nucleic Acids Research},
   volume = {43},
   number = {D1},
   pages = {D1113-D1116},
   DOI = {10.1093/nar/gku1057},
   year = {2015},
   type = {Journal Article}
}

@book{RN73,
   author = {Koller, Daphne and Friedman, Nir},
   title = {Probabilistic graphical models : principles and techniques},
   publisher = {MIT Press},
   address = {Cambridge, MA},
   series = {Adaptive computation and machine learning},
   pages = {xxi, 1231 p.},
   ISBN = {9780262013192 (hardcover alk. paper)},
   year = {2009},
   type = {Book}
}

@book{RN51,
   author = {Korb, Kevin B. and Nicholson, Ann E.},
   title = {Bayesian Artificial Intelligence, Second Edition},
   publisher = {CRC Press, Inc.},
   address = {Boca Raton, FL, USA},
   edition = {2nd},
   ISBN = {1439815917, 9781439815915},
   year = {2010},
   type = {Book}
}

@book{RN113,
   author = {Krane, D. E. and Raymer, M. L.},
   title = {Fundamental concepts of bioinformatics},
   publisher = {Benjamin cummings},
   address = {San Francisco},
   year = {2003},
   type = {Book}
}

@article{RN26,
   author = {Lam, Wai and Bacchus, Fahiem},
   title = {LEARNING BAYESIAN BELIEF NETWORKS: AN APPROACH BASED ON THE MDL PRINCIPLE},
   journal = {Computational Intelligence},
   volume = {10},
   number = {3},
   pages = {269-293},
   DOI = {10.1111/j.1467-8640.1994.tb00166.x},
   url = {http://dx.doi.org/10.1111/j.1467-8640.1994.tb00166.x},
   year = {1994},
   type = {Journal Article}
}

@article{RN77,
   author = {Lander, E. S. and Linton, L. M. and Birren, B. and Nusbaum, C. and Zody, M. C. and Baldwin, J. and Devon, K. and Dewar, K. and Doyle, M. and FitzHugh, W. and Funke, R. and Gage, D. and Harris, K. and Heaford, A. and Howland, J. and Kann, L. and Lehoczky, J. and LeVine, R. and McEwan, P. and McKernan, K. and Meldrim, J. and Mesirov, J. P. and Miranda, C. and Morris, W. and Naylor, J. and Raymond, C. and Rosetti, M. and Santos, R. and Sheridan, A. and Sougnez, C.},
   title = {Initial sequencing and analysis of the human genome},
   journal = {Nature},
   volume = {409},
   DOI = {10.1038/35057062 %U http://dx.doi.org/10.1038/35057062},
   year = {2001},
   type = {Journal Article}
}

@article{RN49,
   author = {Langfelder, Peter and Horvath, Steve},
   title = {WGCNA: an R package for weighted correlation network analysis},
   journal = {BMC Bioinformatics},
   volume = {9},
   number = {1},
   pages = {1-13},
   DOI = {10.1186/1471-2105-9-559},
   url = {http://dx.doi.org/10.1186/1471-2105-9-559},
   year = {2008},
   type = {Journal Article}
}

@article{RN80,
   author = {Levy, S. and Sutton, G. and Ng, P. C. and Feuk, L. and Halpern, A. L. and Walenz, B. P. and Axelrod, N. and Huang, J. and Kirkness, E. F. and Denisov, G. and Lin, Y. and MacDonald, J. R. and Pang, A. W. and Shago, M. and Stockwell, T. B. and Tsiamouri, A. and Bafna, V. and Bansal, V. and Kravitz, S. A. and Busam, D. A. and Beeson, K. Y. and McIntosh, T. C. and Remington, K. A. and Abril, J. F. and Gill, J. and Borman, J. and Rogers, Y. H. and Frazier, M. E. and Scherer, S. W. and Strausberg, R. L.},
   title = {The diploid genome sequence of an individual human},
   journal = {PLoS Biol},
   volume = {5},
   DOI = {10.1371/journal.pbio.0050254 %U http://dx.doi.org/10.1371/journal.pbio.0050254},
   year = {2007},
   type = {Journal Article}
}

@article{RN37,
   author = {Liang, Faming and Liu, Chuanhai and Carroll, Raymond J.},
   title = {Stochastic Approximation in Monte Carlo Computation},
   journal = {Journal of the American Statistical Association},
   volume = {102},
   number = {477},
   pages = {305-320},
   ISSN = {0162-1459},
   DOI = {10.1198/016214506000001202},
   url = {http://dx.doi.org/10.1198/016214506000001202},
   year = {2007},
   type = {Journal Article}
}

@article{RN36,
   author = {Liang, Faming and Zhang, Jian},
   title = {Learning Bayesian networks for discrete data},
   journal = {Computational Statistics & Data Analysis},
   volume = {53},
   number = {4},
   pages = {865-876},
   ISSN = {0167-9473},
   DOI = {http://dx.doi.org/10.1016/j.csda.2008.10.007},
   url = {http://www.sciencedirect.com/science/article/pii/S0167947308004805},
   year = {2009},
   type = {Journal Article}
}

@article{RN40,
   author = {Liu, Jun S. and Liang, Faming and Wong, Wing Hung},
   title = {A Theory for Dynamic Weighting in Monte Carlo Computation},
   journal = {Journal of the American Statistical Association},
   volume = {96},
   number = {454},
   pages = {561-573},
   ISSN = {0162-1459},
   DOI = {10.1198/016214501753168253},
   url = {http://dx.doi.org/10.1198/016214501753168253},
   year = {2001},
   type = {Journal Article}
}

@article{RN31,
   author = {Madigan, David and Raftery, Adrian E},
   title = {Model selection and accounting for model uncertainty in graphical models using Occam's window},
   journal = {Journal of the American Statistical Association},
   volume = {89},
   number = {428},
   pages = {1535-1546},
   ISSN = {0162-1459},
   year = {1994},
   type = {Journal Article}
}

@article{RN32,
   author = {Madigan, David and York, Jeremy and Allard, Denis},
   title = {Bayesian graphical models for discrete data},
   journal = {International Statistical Review/Revue Internationale de Statistique},
   pages = {215-232},
   ISSN = {0306-7734},
   year = {1995},
   type = {Journal Article}
}

@book{RN86,
   author = {Mandelbrot, B.},
   title = {La geometría fractal de la naturaleza},
   publisher = {Barcelona},
   address = {Tusquets editores},
   year = {1982},
   type = {Book}
}

@article{RN65,
   author = {Mardis, E. R.},
   title = {{N}ext-generation sequencing platforms},
   journal = {Annu Rev Anal Chem (Palo Alto Calif)},
   volume = {6},
   pages = {287-303},
   year = {2013},
   type = {Journal Article}
}

@article{RN92,
   author = {Meneveau, C. and Sreenivasan, K. R.},
   title = {Simple multifractal cascade model for fully developed turbulence},
   journal = {Phys Rev Lett},
   volume = {59},
   DOI = {10.1103/PhysRevLett.59.1424 %U http://dx.doi.org/10.1103/PhysRevLett.59.1424},
   year = {1987},
   type = {Journal Article}
}

@article{RN64,
   author = {Metzker, M. L.},
   title = {{S}equencing technologies - the next generation},
   journal = {Nat. Rev. Genet.},
   volume = {11},
   number = {1},
   pages = {31-46},
   year = {2010},
   type = {Journal Article}
}

@book{RN84,
   author = {Moreno, P. A. and Vélez, P. E. and Burgos, J. D.},
   title = {Biología molecular, genómica y post-genómica. Pioneros, principios y tecnologías},
   publisher = {Popayán},
   address = {Editorial Universidad del Cauca},
   year = {2009},
   type = {Book}
}

@article{RN76,
   author = {Moreno, Pedro A. and Vélez, Patricia E. and Martínez, Ember and Garreta, Luis E. and Díaz, Néstor and Amador, Siler and Tischer, Irene and Gutiérrez, José M. and Naik, Ashwinikumar K. and Tobar, Fabián and García, Felipe},
   title = {The human genome: a multifractal analysis},
   journal = {BMC Genomics},
   volume = {12},
   number = {1 %@ 1471-2164},
   pages = {506},
   DOI = {10.1186/1471-2164-12-506 %U http://dx.doi.org/10.1186/1471-2164-12-506},
   year = {2011},
   type = {Journal Article}
}

@article{RN137,
   author = {Moretto, M. and Sonego, P. and Dierckxsens, N. and Brilli, M. and Bianco, L. and Ledezma-Tejeida, D. and Gama-Castro, S. and Galardini, M. and Romualdi, C. and Laukens, K. and Collado-Vides, J. and Meysman, P. and Engelen, K.},
   title = {COLOMBOS v3.0: leveraging gene expression compendia for cross-species analyses},
   journal = {Nucleic Acids Res},
   volume = {44},
   number = {D1},
   pages = {D620-3},
   ISSN = {0305-1048},
   DOI = {10.1093/nar/gkv1251},
   year = {2016},
   type = {Journal Article}
}

@book{RN75,
   author = {Murphy, Kevin P.},
   title = {Machine Learning: A Probabilistic Perspective},
   publisher = {The MIT Press},
   pages = {1096},
   ISBN = {0262018020, 9780262018029},
   year = {2012},
   type = {Book}
}

@article{RN108,
   author = {Myers, J. S. and Vincent, B. J. and Udall, H. and Watkins, W. S. and Morrish, T. A. and Kilroy, G. E. and Swergold, G. D. and Henke, J. and Henke, L. and Moran, J. V. and Jorde, L. B. and Batzer, M. A.},
   title = {A Comprehensive Analysis of Recently Integrated Human Ta L1 Elements},
   journal = {Am J Hum Genet},
   volume = {71},
   DOI = {10.1086/341718 %U http://dx.doi.org/10.1086/341718},
   year = {2002},
   type = {Journal Article}
}

@book{RN139,
   author = {Nagarajan, Radhakrishnan and Scutari, Marco and Lbre, Sophie},
   title = {Bayesian Networks in R: with Applications in Systems Biology},
   publisher = {Springer Publishing Company, Incorporated},
   pages = {170},
   ISBN = {1461464455, 9781461464457},
   year = {2013},
   type = {Book}
}

@book{RN71,
   author = {Neapolitan, Richard E.},
   title = {Probabilistic Methods for Bioinformatics: With an Introduction to Bayesian Networks},
   publisher = {Morgan Kaufmann Publishers Inc.},
   address = {San Francisco, CA, USA},
   ISBN = {9780080919362, 9780123704764},
   year = {2009},
   type = {Book}
}

@inbook{RN29,
   author = {Neiland, JulianR and Korb, KeinB},
   title = {The Evolution of Causal Models: A Comparison of Bayesian Metrics and Structure Priors},
   booktitle = {Methodologies for Knowledge Discovery and Data Mining},
   editor = {Zhong, Ning and Zhou, Lizhu},
   series = {Lecture Notes in Computer Science},
   publisher = {Springer Berlin Heidelberg},
   volume = {1574},
   chapter = {57},
   pages = {433-438},
   ISBN = {978-3-540-65866-5},
   DOI = {10.1007/3-540-48912-6_57},
   url = {http://dx.doi.org/10.1007/3-540-48912-6_57},
   year = {1999},
   type = {Book Section}
}

@article{RN56,
   author = {Nguyen, Danh V. and Bulak Arpat, A. and Wang, Naisyin and Carroll, Raymond J.},
   title = {DNA Microarray Experiments: Biological and Technological Aspects},
   journal = {Biometrics},
   volume = {58},
   number = {4},
   pages = {701-717},
   DOI = {10.1111/j.0006-341X.2002.00701.x},
   url = {http://dx.doi.org/10.1111/j.0006-341X.2002.00701.x},
   year = {2002},
   type = {Journal Article}
}

@article{RN112,
   author = {Nusbaum, C. and Mikkelsen, T. S. and Zody, M. C. and Asakawa, S. and Taudin, S. and Garber, M. and Kodira, C. D. and Schueler, M. G. and Shimizu, A. and Whittaker, C. A. and Chang, J. L. and Cuomo, C. A. and Dewar, K. and FitzGerald, M. G. and Yang, X. and Allen, N. R. and Anderson, S. and Asakawa, T. and Blechschmidt, K. and Bloom, T. and Borowsky, M. L. and Butler, J. and Cook, A. and Corum, B. and DeArellano, K. and DeCaprio, D. and Dooley, K. T. and Dorris, L. and Engels, R. and Glöckner, G.},
   title = {DNA sequence and analysis of human chromosome 8},
   journal = {Nature},
   volume = {439},
   DOI = {10.1038/nature04406 %U http://dx.doi.org/10.1038/nature04406},
   year = {2006},
   type = {Journal Article}
}

@book{RN110,
   author = {Nussbaun, R. L. and McInnes, R. R. and Willard, H. F.},
   title = {Thompson and Thompson Genetics and Medicine},
   publisher = {Sounders Elsevier},
   address = {USA},
   year = {2007},
   type = {Book}
}

@book{RN43,
   author = {Pearl, Judea},
   title = {Probabilistic Reasoning in Intelligent Systems: Networks of Plausible Inference},
   publisher = {Morgan Kaufmann Publishers Inc.},
   address = {San Francisco, CA, USA},
   ISBN = {0-934613-73-7},
   year = {1988},
   type = {Book}
}

@book{RN87,
   author = {Peitgen, H. O. and Jürgen, H. and Saupe, D.},
   title = {Chaos and fractals: New frontiers of science},
   publisher = {New York Ins},
   address = {Springer-Verlag},
   DOI = {10.1007/978-1-4757-4740-9 %U http://dx.doi.org/10.1007/978-1-4757-4740-9},
   year = {1992},
   type = {Book}
}

@article{RN60,
   author = {Pinoli, Pietro and Chicco, Davide and Masseroli, Marco},
   title = {Computational algorithms to predict Gene Ontology annotations},
   journal = {BMC Bioinformatics},
   volume = {16},
   number = {Suppl 6},
   pages = {S4-S4},
   DOI = {10.1186/1471-2105-16-S6-S4},
   url = {http://www.biomedcentral.com/1471-2105/16/S6/S4},
   year = {2015},
   type = {Journal Article}
}

@article{RN126,
   author = {Poswar, Fabiano de Oliveira and Farias, Lucyana Conceição and Fraga, Carlos Alberto de Carvalho and Bambirra Jr, Wilson and Brito-Júnior, Manoel and Sousa-Neto, Manoel Damião and Santos, Sérgio Henrique Souza and de Paula, Alfredo Maurício Batista and D'Angelo, Marcos Flávio Silveira Vasconcelos and Guimarães, André Luiz Sena},
   title = {Bioinformatics, Interaction Network Analysis, and Neural Networks to Characterize Gene Expression of Radicular Cyst and Periapical Granuloma},
   journal = {Journal of Endodontics},
   volume = {41},
   number = {6},
   pages = {877-883},
   ISSN = {0099-2399},
   DOI = {http://dx.doi.org/10.1016/j.joen.2015.02.004},
   url = {http://www.sciencedirect.com/science/article/pii/S0099239915001314},
   year = {2015},
   type = {Journal Article}
}

@article{RN4,
   author = {Prestat, Emmanuel and de Morais, Sérgio Rodrigues and Vendrell, Julie A. and Thollet, Aurélie and Gautier, Christian and Cohen, Pascale A. and Aussem, Alex},
   title = {Learning the local Bayesian network structure around the ZNF217 oncogene in breast tumours},
   journal = {Computers in Biology & Medicine},
   volume = {43},
   number = {7},
   pages = {334-341},
   ISSN = {00104825},
   DOI = {10.1016/j.compbiomed.2012.12.002},
   url = {http://search.ebscohost.com/login.aspx?direct=true&db=a9h&AN=88239087〈=es&site=ehost-live},
   year = {2013},
   type = {Journal Article}
}

@article{RN12,
   author = {Prifti, E. and Zucker, J. D. and Clément, K. and Henegar, C.},
   title = {Interactional and functional centrality in transcriptional co-expression networks},
   journal = {Bioinformatics},
   volume = {26},
   number = {24},
   pages = {3083-9},
   ISSN = {1367-4811},
   DOI = {10.1093/bioinformatics/btq591},
   url = {http://www.ncbi.nlm.nih.gov/pubmed/20959383},
   year = {2010},
   type = {Journal Article}
}

@article{RN99,
   author = {Provata, A. and Katsaloulis, P.},
   title = {Hierarchical multifractal representation of symbolic sequences and application to human chromosomes},
   journal = {Phys Rev E Stat Nonlin Soft Matter Phys},
   volume = {81},
   DOI = {10.1103/PhysRevE.81.026102 %U http://dx.doi.org/10.1103/PhysRevE.81.026102},
   year = {2010},
   type = {Journal Article}
}

@article{RN89,
   author = {Provata, A. and Oikonomou, T.},
   title = {Power law exponents characterizing human DNA},
   journal = {Phys Rev E Stat Nonlin Soft Matter Phys},
   volume = {75},
   DOI = {10.1103/PhysRevE.75.056102 %U http://dx.doi.org/10.1103/PhysRevE.75.056102},
   year = {2007},
   type = {Journal Article}
}

@article{RN85,
   author = {Restrepo, S. and Pinzón, A. and Rodríguez-R, L. M. and Sierra, R. and Grajales, A. and Bernal, A. and Barreto, E. and Moreno, P. A. and Zambrano, M. M. and Cristancho, M. and González, A. and Castro, H.},
   title = {Computational biology in Colombia},
   journal = {PLoS Comput Biol},
   volume = {5},
   DOI = {10.1371/journal.pcbi.1000535 %U http://dx.doi.org/10.1371/journal.pcbi.1000535},
   year = {2009},
   type = {Journal Article}
}

@article{RN111,
   author = {Ross, M. and Grafham, D. V. and Coffey, A. J. and Scherer, S. and McLay, K. and Muzny, D. and Platzer, M. and Howell, G. R. and Burrows, C. and Bird, C. P. and Frankish, A. and Lovell, F. L. and Howe, K. L. and Ashurst, J. L. and Fulton, R. S. and Sudbrak, R. and Wen, G. and Jones, M. C. and Hurles, M. E. and Andrews, T. D. and Scott, C. E. and Searle, S. and Ramser, J. and Whittaker, A. and Deadman, R. and Carter, N. P. and Hunt, S. E. and Chen, R. and Cree, A. and Gunaratne, P.},
   title = {The DNA sequence of the human X chomosome},
   journal = {Nature},
   volume = {434},
   DOI = {10.1038/nature03440 %U http://dx.doi.org/10.1038/nature03440},
   year = {2005},
   type = {Journal Article}
}

@article{RN11,
   author = {Roy, S. and Bhattacharyya, D. K. and Kalita, J. K.},
   title = {Reconstruction of gene co-expression network from microarray data using local expression patterns},
   journal = {BMC Bioinformatics},
   volume = {15 Suppl 7},
   pages = {S10},
   ISSN = {1471-2105},
   DOI = {10.1186/1471-2105-15-S7-S10},
   url = {http://www.ncbi.nlm.nih.gov/pubmed/25079873},
   year = {2014},
   type = {Journal Article}
}

@article{RN105,
   author = {Roy-Engel, A. M. and Carroll, M. L. and Vogel, E. and Garber, R. K. and Nguyen, S. V. and Salem, A. H. and Batzer, M. A. and Deininger, P. L.},
   title = {Alu Insertion Polymorphisms for the Study of Human Genomic Diversity},
   journal = {Genetics},
   volume = {159},
   year = {2001},
   type = {Journal Article}
}

@article{RN68,
   author = {Segal, E. and Shapira, M. and Regev, A. and Pe'er, D. and Botstein, D. and Koller, D. and Friedman, N.},
   title = {{M}odule networks: identifying regulatory modules and their condition-specific regulators from gene expression data},
   journal = {Nat. Genet.},
   volume = {34},
   number = {2},
   pages = {166-176},
   year = {2003},
   type = {Journal Article}
}

@book{RN20,
   author = {Spirtes, P. and Glymour, C. and Scheines, R.},
   title = {Causation, Prediction, and Search},
   publisher = {Springer New York},
   ISBN = {9781461227489},
   url = {https://books.google.com.co/books?id=oUjxBwAAQBAJ},
   year = {2012},
   type = {Book}
}

@article{RN91,
   author = {Stanley, H. E. and Meakin, P.},
   title = {Multifractal phenomena in physics and chemistry},
   journal = {Nature},
   volume = {335},
   DOI = {10.1038/335405a0 %U http://dx.doi.org/10.1038/335405a0},
   year = {1988},
   type = {Journal Article}
}

@article{RN104,
   author = {Terrenoire, E. and McRonald, F. and Halsall, J. A. and Page, P. and Illingworth, R. S. and Taylor, A. M. R. and Davison, V. and O'Neill, L. P. and Turner, B. M.},
   title = {Immunostaining of modified histones defines high-level features of the human metaphase epigenome},
   journal = {Genome Biology},
   volume = {11},
   DOI = {10.1186/gb-2010-11-11-r110 %U http://dx.doi.org/10.1186/gb-2010-11-11-r110},
   year = {2010},
   type = {Journal Article}
}

@article{RN58,
   author = {The Gene Ontology, Consortium},
   title = {The Gene Ontology project in 2008},
   journal = {Nucleic Acids Research},
   volume = {36},
   number = {Database issue},
   pages = {D440-D444},
   ISSN = {0305-1048
1362-4962},
   DOI = {10.1093/nar/gkm883},
   url = {http://www.ncbi.nlm.nih.gov/pmc/articles/PMC2238979/},
   year = {2008},
   type = {Journal Article}
}

@article{RN109,
   author = {Tobar, F. and Moreno, P. A. and Vélez, P. E.},
   title = {Highly conserved regions in the 5' region of the human olfactory receptor genes},
   journal = {Genet and Mol Res},
   volume = {8},
   DOI = {10.4238/vol8-1gmr550 %U http://dx.doi.org/10.4238/vol8-1gmr550},
   year = {2009},
   type = {Journal Article}
}

@book{RN57,
   author = {Tözeren, A. and Byers, S. W.},
   title = {New Biology for Engineers and Computer Scientists},
   publisher = {Pearson/Prentice Hall},
   series = {Pearson Prentice Hall bioengineering},
   ISBN = {9780130664631},
   url = {https://books.google.com.co/books?id=gqVpQgAACAAJ},
   year = {2004},
   type = {Book}
}

@article{RN78,
   author = {Venter, J. C. and Adams, M. D. and Myers, E. W. and Li, P. W. and Mural, R. J. and Sutton, G. G. and Smith, H. O. and Yandell, M. and Evans, C. A. and Holt, R. A. and Gocayne, J. D. and Amanatides, P. and Ballew, R. M. and Huson, D. H. and Wortman, J. R. and Zhang, Q. and Kodira, C. D. and Zheng, X. H. and Chen, L. and Skupski, M. and Subramanian, G. and Thomas, P. D. and Zhang, J. and Gabor, M. i k l o s G. L. and Nelson, C. and Broder, S. and Clark, A. G. and Nadeau, J. and McKusick, V. A. and Zinder, N.},
   title = {The sequence of the human genome},
   journal = {Science},
   volume = {291},
   DOI = {10.1126/science.1058040 %U http://dx.doi.org/10.1126/science.1058040},
   year = {2001},
   type = {Journal Article}
}

@article{RN81,
   author = {Versteeg, R. and van Schaik, B. D. C. and van Batenburg, M. F. and Roos, M. and Monajemi, R. and Caron, H. and Bussemaker, H. J. and van Kampen, A. H. C.},
   title = {The human transcriptome map reveals extremes in gene density, intron length, GC content, and repeat pattern for domains of highly and weakly expressed genes},
   journal = {Genome Research},
   volume = {13},
   DOI = {10.1101/gr.1649303 %U http://dx.doi.org/10.1101/gr.1649303},
   year = {2003},
   type = {Journal Article}
}

@article{RN88,
   author = {Voss, R.},
   title = {Evolution of long-range fractal correlations and 1/f noise in DNA base sequences},
   journal = {Phys Rev Lett},
   volume = {68},
   DOI = {10.1103/PhysRevLett.68.3805 %U http://dx.doi.org/10.1103/PhysRevLett.68.3805},
   year = {1992},
   type = {Journal Article}
}

@article{RN100,
   author = {Vélez, P. E. and Garreta, L. E. and Martínez, E. and Díaz, N. and Amador, S. and Tischer, I. and Gutiérrez, J. M. and Moreno, P. A.},
   title = {The Caenorhanditis elegans genome: a multifractal analysis},
   journal = {Genet and Mol Res},
   volume = {9},
   DOI = {10.4238/vol9-2gmr756 %U http://dx.doi.org/10.4238/vol9-2gmr756},
   year = {2010},
   type = {Journal Article}
}

@article{RN107,
   author = {Wang, J. and Song, L. and Gonder, M. K. and Azrak, S. and Ray, D. A. and Batzer, M. A. and Tishkoff, S. A. and Liang, P.},
   title = {Whole genome computational comparative genomics: A fruitful approach for ascertaining Alu insertion polymorphisms},
   journal = {Gene},
   volume = {365},
   DOI = {10.1016/j.gene.2005.09.031 %U http://dx.doi.org/10.1016/j.gene.2005.09.031},
   year = {2006},
   type = {Journal Article}
}

@article{RN67,
   author = {Warde-Farley, D. and Donaldson, S. L. and Comes, O. and Zuberi, K. and Badrawi, R. and Chao, P. and Franz, M. and Grouios, C. and Kazi, F. and Lopes, C. T. and Maitland, A. and Mostafavi, S. and Montojo, J. and Shao, Q. and Wright, G. and Bader, G. D. and Morris, Q.},
   title = {{T}he {G}ene{M}{A}{N}{I}{A} prediction server: biological network integration for gene prioritization and predicting gene function},
   journal = {Nucleic Acids Res.},
   volume = {38},
   number = {Web Server issue},
   pages = {W214--220},
   year = {2010},
   type = {Journal Article}
}

@book{RN55,
   author = {Watson, J. D. and Baker, T. A. and Bell, S. P. and Gann, A. and Levine, M. and Losick, R.},
   title = {Molecular Biology of the Gene},
   publisher = {Pearson Education},
   ISBN = {9780321896704},
   url = {https://books.google.com.co/books?id=aRUtAAAAQBAJ},
   year = {2013},
   type = {Book}
}

@article{RN72,
   author = {Watts, Duncan J. and Strogatz, Steven H.},
   title = {Collective dynamics of /`small-world/' networks},
   journal = {Nature},
   volume = {393},
   number = {6684},
   pages = {440-442},
   ISSN = {0028-0836},
   url = {http://dx.doi.org/10.1038/30918},
   year = {1998},
   type = {Journal Article}
}

@article{RN22,
   author = {Wermuth, N. and Lauritzen, S},
   title = {Graphical and recursive models for contingency tables},
   journal = {Biometrika},
   volume = {70},
   number = {3},
   pages = {537-552},
   DOI = {10.1093/biomet/70.3.537},
   url = {http://biomet.oxfordjournals.org/content/70/3/537.abstractN2 - SUMMARY We discuss two classes of models for contingency tables, graphical and recursive models, both of which arise from restrictions that are expressible as conditional independencies of variable pairs. The first of these is a subclass of hierarchical log linear models. Each of its models can be represented by an undirected graph. In the second class each model corresponds to a particular kind of a directed graph instead and can be characterized by a nontrivial factorization of the joint distribution in terms of response variables. We derive decomposable or multiplicative models as the intersecting class. This result has useful consequences for exploratory types of analysis as well as for the model interpretation: we can give an aid for detecting well-fitting decomposable models in a transformation of the observed contingency table and each decomposable model may be interpreted with the help of an undirected or directed graph.},
   year = {1983},
   type = {Journal Article}
}

@misc{RN131,
   url = {https://en.wikipedia.org/w/index.php?title=Gene_co-expression_network&oldid=771065722},
   year = {2017},
   type = {Web Page}
}

@article{RN39,
   author = {Wong, Wing Hung and Liang, Faming},
   title = {Dynamic weighting in Monte Carlo and optimization},
   journal = {Proceedings of the National Academy of Sciences of the United States of America},
   volume = {94},
   number = {26},
   pages = {14220-14224},
   ISSN = {0027-8424
1091-6490},
   url = {http://www.ncbi.nlm.nih.gov/pmc/articles/PMC24914/},
   year = {1997},
   type = {Journal Article}
}

@article{RN15,
   author = {Xue, Z. and Huang, K. and Cai, C. and Cai, L. and Jiang, C. Y. and Feng, Y. and Liu, Z. and Zeng, Q. and Cheng, L. and Sun, Y. E. and Liu, J. Y. and Horvath, S. and Fan, G.},
   title = {Genetic programs in human and mouse early embryos revealed by single-cell RNA sequencing},
   journal = {Nature},
   volume = {500},
   number = {7464},
   pages = {593-7},
   ISSN = {1476-4687},
   DOI = {10.1038/nature12364},
   url = {http://www.ncbi.nlm.nih.gov/pubmed/23892778},
   year = {2013},
   type = {Journal Article}
}

@article{RN98,
   author = {Yang, J. Y. and Zhou, Y. and Yu, Z. G. and Anh, V. and Zhou, L. Q.},
   title = {Human Pol II promoter recognition based on primary sequences and free energy of dinucleotides},
   journal = {BMC Bioinformatics},
   volume = {9},
   DOI = {10.1186/1471-2105-9-1 %U http://dx.doi.org/10.1186/1471-2105-9-1},
   year = {2008},
   type = {Journal Article}
}

@inbook{RN66,
   author = {Young, MatthewD and McCarthy, DavisJ and Wakefield, MatthewJ and Smyth, GordonK and Oshlack, Alicia and Robinson, MarkD},
   title = {Differential Expression for RNA Sequencing (RNA-Seq) Data: Mapping, Summarization, Statistical Analysis, and Experimental Design},
   booktitle = {Bioinformatics for High Throughput Sequencing},
   editor = {Rodríguez-Ezpeleta, Naiara and Hackenberg, Michael and Aransay, Ana M.},
   publisher = {Springer New York},
   chapter = {10},
   pages = {169-190},
   ISBN = {978-1-4614-0781-2},
   DOI = {10.1007/978-1-4614-0782-9_10},
   url = {http://dx.doi.org/10.1007/978-1-4614-0782-9_10},
   year = {2012},
   type = {Book Section}
}

@article{RN18,
   author = {Yu, H. and Luscombe, N. M. and Qian, J. and Gerstein, M.},
   title = {Genomic analysis of gene expression relationships in transcriptional regulatory networks},
   journal = {Trends Genet},
   volume = {19},
   number = {8},
   pages = {422-7},
   ISSN = {0168-9525},
   DOI = {10.1016/S0168-9525(03)00175-6},
   url = {http://www.ncbi.nlm.nih.gov/pubmed/12902159},
   year = {2003},
   type = {Journal Article}
}

@article{RN94,
   author = {Yu, Z. G. and Anh, V. and Lau, K. S.},
   title = {Measure representation and multifractal analysis of complete genomes},
   journal = {Phys Rev E Stat Nonlin Soft Matter Phys},
   volume = {64},
   DOI = {10.1103/PhysRevE.64.031903 %U http://dx.doi.org/10.1103/PhysRevE.64.031903},
   year = {2001},
   type = {Journal Article}
}

@article{RN95,
   author = {Yu, Z. G. and Anh, V. and Lau, K. S.},
   title = {Multifractal and correlation analyses of protein sequences from complete genomes},
   journal = {Phys Rev E Stat Nonlin Soft Matter Phys},
   volume = {68},
   DOI = {10.1103/PhysRevE.68.021913 %U http://dx.doi.org/10.1103/PhysRevE.68.021913},
   year = {2003},
   type = {Journal Article}
}

@article{RN120,
   author = {Yu, Z. G. and Anh, V. and Lau, K. S.},
   title = {Chaos game representation of protein sequences based on the detailed HP model and their multifractal and correlation analyses},
   journal = {J Theor Biol},
   volume = {226},
   DOI = {10.1016/j.jtbi.2003.09.009 %U http://dx.doi.org/10.1016/j.jtbi.2003.09.009},
   year = {2004},
   type = {Journal Article}
}

@article{RN97,
   author = {Yu, Z. G. and Anh, V. and Lau, K. S. and Zhou, L. Q.},
   title = {Clustering of protein structures using hydrophobic free energy and solvent accessibility of proteins},
   journal = {Phys Rev E Stat Nonlin Soft Matter Phys},
   volume = {73},
   DOI = {10.1103/PhysRevE.73.031920 %U http://dx.doi.org/10.1103/PhysRevE.73.031920},
   year = {2006},
   type = {Journal Article}
}

@article{RN10,
   author = {Zhang, B. and Horvath, S.},
   title = {A general framework for weighted gene co-expression network analysis},
   journal = {Stat Appl Genet Mol Biol},
   volume = {4},
   pages = {Article17},
   ISSN = {1544-6115},
   DOI = {10.2202/1544-6115.1128},
   url = {http://www.ncbi.nlm.nih.gov/pubmed/16646834},
   year = {2005},
   type = {Journal Article}
}

@article{RN96,
   author = {Zhou, L. Q. and Yu, Z. G. and Deng, J. Q. and Anh, V. and Long, S. C.},
   title = {A fractal method to distinguish coding and non-coding sequences in a complete genome based on a number sequence representation},
   journal = {J Theor Biol},
   volume = {232},
   DOI = {10.1016/j.jtbi.2004.09.002 %U http://dx.doi.org/10.1016/j.jtbi.2004.09.002},
   year = {2005},
   type = {Journal Article}
}

