@misc{TheGeneOntology2018,
author = {{the Gene Ontology}},
booktitle = {Web},
title = {{AmiGO 2: Term Details for 'lactase activity' (GO:0000016)}},
url = {http://amigo.geneontology.org/amigo/term/GO:0000016},
urldate = {2019-04-07},
year = {2018}
}
