@misc{GeneOntology2014,
author = {{Gene Ontology}, Consortium},
booktitle = {Web},
title = {{Gene Ontology - Browse Files at SourceForge.net}},
url = {https://sourceforge.net/projects/geneontology/files/},
urldate = {2019-04-07},
year = {2014}
}
