@article{ZhangAndHorvath2005,
   author = {Zhang, B. and Horvath, S.},
   title = {A general framework for weighted gene co-expression network analysis},
   journal = {Stat Appl Genet Mol Biol},
   volume = {4},
   pages = {Article17},
   ISSN = {1544-6115},
   DOI = {10.2202/1544-6115.1128},
   url = {http://www.ncbi.nlm.nih.gov/pubmed/16646834},
   year = {2005},
   type = {Journal Article}
}