@book{RN55,
   author = {Watson, J. D. and Baker, T. A. and Bell, S. P. and Gann, A. and Levine, M. and Losick, R.},
   title = {Molecular Biology of the Gene},
   publisher = {Pearson Education},
   ISBN = {9780321896704},
   url = {https://books.google.com.co/books?id=aRUtAAAAQBAJ},
   year = {2013},
   type = {Book}
}