@book{dey2010bayesian,
  title="{Bayesian Modeling in Bioinformatics}",
  author="{Dey, D.K. and Ghosh, S. and Mallick, B.K.}",
  isbn="{9781420070187}",
  lccn="{2009049470}",
  series="{Chapman \& Hall/CRC Biostatistics Series}",
  url="{https://books.google.com.co/books?id=AOOvLpr6mn4C}",
  year="{2010}",
  publisher="{CRC Press}"
}
